11111111111111111111111111111111111111111111111111111111111111111111111111111111111111111111111111111111111111111111111111111111111111111111111111
33333333333333333333333333333333333333333333333333333333333333333333333333333333333333333333333333333333333333333333333333333333333333333333333www
7RCAEKIHEGCANW19A8CA7OHLG1CAF8U8QOCAYW6DOWCAPB5CDICAF4TXJACA07SME9CALNXXBACA87GVA4CAW1TIASCA6PYO56CAUTPV3UCAS52TOGCAC6VX3BCAHY6AO4CAWH5CMKCA2DOC6D